@misc{vaswani2017attention,
    title={{A}ttention {I}s {A}ll {Y}ou {N}eed},
    author={Ashish Vaswani and Noam Shazeer and Niki Parmar and Jakob Uszkoreit and Llion Jones and Aidan N. Gomez and Lukasz Kaiser and Illia Polosukhin},
    year={2017},
    eprint={1706.03762},
    archivePrefix={arXiv},
    primaryClass={cs.CL}
}

@misc{devlin2018bert,
    title={{BERT}: {P}re-training of {D}eep {B}idirectional {T}ransformers for {L}anguage {U}nderstanding},
    author={Jacob Devlin and Ming-Wei Chang and Kenton Lee and Kristina Toutanova},
    year={2018},
    eprint={1810.04805},
    archivePrefix={arXiv},
    primaryClass={cs.CL}
}


@misc{radford2019gpt2,
    title={{L}anguage {M}odels are {U}nsupervised {M}ultitask {L}earners},
    author={Alec Radford and Jeffrey Wu and Rewon Child and David Luan and Dario Amodei and Ilya Sutskever},
    year={2019},
}


@misc{sennrich2016bpe,
    title={{N}eural {M}achine {T}ranslation of {R}are {W}ords with {S}ubword {U}nits},
    author={Rico Sennrich and Barry Haddow and Alexandra Birch},
    year={2016},
}
